<record><leader>00000cas a22000007a 4500</leader><controlfield tag="001">11876638</controlfield><controlfield tag="008">850402c188u9999nyudn ne      0    0eng d</controlfield><datafield ind1=" " ind2=" " tag="010"><subfield code="a">sn 85054436 </subfield></datafield><datafield ind1=" " ind2=" " tag="040"><subfield code="a">NYG</subfield><subfield code="b">eng</subfield><subfield code="c">NYG</subfield><subfield code="d">NYS</subfield><subfield code="d">OCLCQ</subfield><subfield code="d">UBY</subfield><subfield code="d">OCLCQ</subfield><subfield code="d">OCLCF</subfield><subfield code="d">OCLCO</subfield></datafield><datafield ind1="1" ind2=" " tag="029"><subfield code="a">AU@</subfield><subfield code="b">000020372183</subfield></datafield><datafield ind1=" " ind2=" " tag="042"><subfield code="a">msc</subfield></datafield><datafield ind1=" " ind2=" " tag="043"><subfield code="a">n-us-ny</subfield></datafield><datafield ind1="0" ind2="0" tag="245"><subfield code="a">Wellsville daily reporter.</subfield></datafield><datafield ind1="3" ind2="0" tag="246"><subfield code="a">Spectator</subfield></datafield><datafield ind1=" " ind2=" " tag="260"><subfield code="a">Wellsville, N.Y. :</subfield><subfield code="b">Enos W. Barnes</subfield></datafield><datafield ind1=" " ind2=" " tag="300"><subfield code="a">v. :</subfield><subfield code="b">ill. ;</subfield><subfield code="c">57 cm.</subfield></datafield><datafield ind1=" " ind2=" " tag="310"><subfield code="a">Daily (except Saturday),</subfield><subfield code="b">&lt;June 3, 1990&gt;-</subfield></datafield><datafield ind1=" " ind2=" " tag="321"><subfield code="a">Daily (except Sunday),</subfield><subfield code="b">1880-&lt;Apr. 23, 1881&gt;</subfield></datafield><datafield ind1=" " ind2=" " tag="321"><subfield code="a">Daily (except Sunday and holidays),</subfield><subfield code="b">&lt;Apr. 13, 1945-June 29, 1957&gt;</subfield></datafield><datafield ind1="0" ind2=" " tag="362"><subfield code="a">Vol. 1, no. 1 (Nov. 1, 1880)-</subfield></datafield><datafield ind1=" " ind2=" " tag="500"><subfield code="a">Sunday issue titled: Spectator, &lt;June 3, 1990&gt;-</subfield></datafield><datafield ind1=" " ind2=" " tag="500"><subfield code="a">Publishers: Enos W. Barnes, &lt;Apr. 23, 1881-1893&gt;; Wellsville Daily Reporter, &lt;1957&gt;; American Pub. Co. of New York, &lt;1990&gt;.</subfield></datafield><datafield ind1=" " ind2="0" tag="651"><subfield code="a">Wellsville (N.Y.)</subfield><subfield code="v">Newspapers.</subfield></datafield><datafield ind1=" " ind2="0" tag="651"><subfield code="a">Allegany County (N.Y.)</subfield><subfield code="v">Newspapers.</subfield></datafield><datafield ind1=" " ind2="7" tag="655"><subfield code="a">Newspapers.</subfield><subfield code="2">fast</subfield><subfield code="0">(OCoLC)fst01423814</subfield></datafield><datafield ind1=" " ind2="7" tag="651"><subfield code="a">New York (State)</subfield><subfield code="z">Allegany County.</subfield><subfield code="2">fast</subfield><subfield code="0">(OCoLC)fst01221766</subfield></datafield><datafield ind1=" " ind2="7" tag="651"><subfield code="a">New York (State)</subfield><subfield code="z">Wellsville.</subfield><subfield code="2">fast</subfield><subfield code="0">(OCoLC)fst01220444</subfield></datafield><datafield ind1=" " ind2=" " tag="752"><subfield code="a">United States</subfield><subfield code="b">New York</subfield><subfield code="c">Allegany</subfield><subfield code="d">Wellsville.</subfield></datafield></record>